% This file was created with JabRef 2.11b3.
% Encoding: UTF8


@Book{Ash90InformationTheory,
  Title                    = {Information Theory},
  Author                   = {Ash, Robert B.},
  Publisher                = {Dover},
  Year                     = {1990},

  Owner                    = {helmling},
  Timestamp                = {2015.06.08}
}

@Booklet{barakat12,
  Title                    = {Cryptography --- Lecture notes},
  Author                   = {Barakat, Mohamed and Hanke, Timo},
  Year                     = {2012},

  Owner                    = {carolin},
  Timestamp                = {2015.02.12},
  Url                      = {http://www.mathematik.uni-kl.de/~barakat/Lehre/WS10/Cryptography/lecture_notes/Cryptography.pdf}
}

@Book{buchmann99,
  Title                    = {Einführung in die Kryptographie},
  Author                   = {Buchmann, Johannes},
  Publisher                = {Springer},
  Year                     = {1999},

  Owner                    = {carolin},
  Timestamp                = {2015.02.12}
}

@Booklet{gathmann2010,
  Title                    = {Algebraische Strukturen},
  Author                   = {Gathmann, Andreas},
  Year                     = {2010},

  Owner                    = {carolin},
  Timestamp                = {2015.04.14},
  Url                      = {http://www.mathematik.uni-kl.de/agag/mitglieder/professoren/gathmann/notes/agstr/}
}

@Book{hoffstein2008,
  Title                    = {An Introduction to Mathematical Cryptography},
  Author                   = {Hoffstein, Jeffrey and Pipher, Jill and Silverman, Joseph H.},
  Publisher                = {Springer},
  Year                     = {2008},

  Owner                    = {carolin},
  Timestamp                = {2012.04.14}
}

@Misc{QR2005Standard,
  Title                    = {Information technology -- Automatic identification and data capture techniques -- QR Code 2005 bar code symbology specification},

  Author                   = {{ISO/IEC}},
  HowPublished             = {ISO Standard 18004},
  Month                    = sep,
  Year                     = {2006},

  File                     = {:ISO 18004 - QR Codes.pdf:PDF},
  Organization             = {ISO/IEC},
  Owner                    = {helmling},
  Timestamp                = {2015.08.10}
}

@Book{karpfinger2010,
  Title                    = {Kryptologie},
  Author                   = {Karpfinger, Christian and Kiechle, Hubert},
  Publisher                = {Vieweg+Teubner},
  Year                     = {2010},

  Owner                    = {carolin},
  Timestamp                = {2012.04.14}
}

@Book{KerstingWakolbinger08Stoch,
  Title                    = {Elementare Stochastik},
  Author                   = {Kersting, Götz and Wakolbinger, Anton},
  Publisher                = {Birkhäuser Verlag AG},
  Year                     = {2008},

  File                     = {:Kersting, Wakolbinger - Elementare Stochastik.pdf:PDF},
  Owner                    = {helmling},
  Timestamp                = {2015.07.08},
  Url                      = {http://link.springer.com/book/10.1007/978-3-7643-8431-9}
}

@Book{MacKay03InformationTheory,
  Title                    = {Information Theory, Inference, and Learning Algorithms},
  Author                   = {MacKay, David J. C.},
  Publisher                = {Cambridge University Press},
  Year                     = {2003},

  File                     = {:MacKay - Information Theory, Inference, and Learning Algorithms.pdf:PDF},
  Owner                    = {helmling},
  Printout                 = {helmling},
  Timestamp                = {2015.06.08},
  Url                      = {http://www.inference.phy.cam.ac.uk/itprnn/book.html}
}

@Booklet{markwig2010,
  Title                    = {Elementare Zahlentheorie},
  Author                   = {Markwig, Thomas},
  Year                     = {2010},

  Owner                    = {carolin},
  Timestamp                = {2015.04.14},
  Url                      = {http://www.mathematik.uni-kl.de/~keilen/download/LectureNotes/zahlentheorie.pdf}
}

@Book{scheid2008,
  Title                    = {Elemente der Arithmetik und Algebra},
  Author                   = {Scheid, Harald and Schwarz, Wolfgang},
  Publisher                = {Spektrum},
  Year                     = {2008},

  Owner                    = {carolin},
  Timestamp                = {2012.04.14}
}

@Book{Willems08CodKrypt,
  Title                    = {Codierungstheorie und Kryptographie},
  Author                   = {Willems, Wolfgang},
  Publisher                = {Birkhäuser},
  Year                     = {2008},

  Owner                    = {helmling},
  Timestamp                = {2015.07.06},
  Url                      = {http://link.springer.com/book/10.1007/978-3-7643-8612-2}
}

